@book{computational_methods,
  title = {Обчислювальні методи: лабораторний практикум},
  author = {Жук П.Ф. Бердник О.М.},
  year = {2022},
  publisher = {Національний авіаційний університет},
  address = {Київ},
  pages = {60},
}

@book{computational_methods_shahno,
  title = {Практикум з чисельних методів},
  author = {{С.М. Шахно} {А.Т. Дудикевич} {С.М. Левицька}},
  year = {2013},
  publisher = {ЛНУ Імені Івана Франка},
  address = {Львів},
  pages = {430},
}

@misc{exprtk,
  author = {Arash Partow},
  title = {ExprTk - C++ Mathematical Expression Toolkit Library},
  howpublished = {\url{https://www.partow.net/programming/exprtk/index.html}},
  year = {2024}
}

@misc{exprtk-github,
  author = {Arash Partow},
  title = {ExprTk - C++ Mathematical Expression Toolkit Library},
  howpublished = {\url{https://github.com/ArashPartow/exprtk}},
  year = {2024},
}

