@book{pristavka_matstat,
	title = {Статистичний аналіз даних / Електронний посібник},
	author = {Приставка П.О.},
	year = {2023},
	publisher = {Національний авіаційний університет, кафедра прикладної математики},
	address = {Київ},
	pages = {245},
}

@online{exprtk:website,
	author = {Arash Partow},
	title = {Expression Template Library (ExprTk)},
	url = {https://www.partow.net/programming/exprtk/},
	year = {2024},
	note = {Accessed: April 5, 2024}
}

@online{qcustomplot:website,
  author = {Emanuel Eichhammer},
  title = {QCustomPlot},
  url = {https://www.qcustomplot.com},
  year = {2024},
  note = {Accessed: April 5, 2024}
}

@online{qt:website,
	author = {{Qt Project contributors}},
	title = {Qt Project Contribution Page},
	url = {https://contribute.qt-project.org},
	year = {2024},
	note = {Accessed: April 5, 2024}
}
