@book{GNU_Clib, 
 	title={GNU C library reference manual version 2.26}, 
	publisher={12TH MEDIA SERVICES}, 
	author={Stallman, Richard and Drepper, Ulrich and Oram, Andrew and McGrath, Roland}, 
	year={2018}
} 

@book{prata_2016,
	title={C Primer Plus, 6th edition}, 
	author={Prata, Stephen}, 
	year={2016}
} 
