@misc{python_docs,
  author = {Python Software Foundation},
  title = {Python Documentation},
  year = {2024},
  howpublished = {\url{https://docs.python.org/3/}},
  note = {Accessed: 2024-09-19}
}
@book{matthes2016python,
  title={Python Crash Course},
  author={Matthes, E.},
  isbn={9781457197185},
  url={https://books.google.com.ua/books?id=M81CnQAACAAJ},
  year={2016}
}
