@book{GNU_Clib, 
 	title={GNU C library reference manual version 2.26}, 
	publisher={12TH MEDIA SERVICES}, 
	author={Stallman, Richard and Drepper, Ulrich and Oram, Andrew and McGrath, Roland}, 
	year={2018}
} 

@book{prata_2016,
	title={C Primer Plus, 6th edition}, 
	author={Prata, Stephen}, 
	year={2016}
} 

@book{AMPLAB,
	author = "O. G. Piskunov, O. P. Tomachyk, O. V. Gavrulenko.",
	title = "Алгоритмiчнi мови та програмування: лабораторний практикум",
	publisher = "НАУ",
	year = 2022,
	address="Україна, м.Київ",
	volume="40",
}

% @book{ALGORITMIZATION,
% 	author = "O. G. Trofumenko, U. V. Prokop, O. V. Zadereyko",
% 	title = "Алгоритмiзацiя та програмування: навчально-методичний посiбник",
% 	publisher = "Фенiкс",
% 	year = 2020,
% 	address="Україна, м.Одесса",
% 	volume="310",
% }

@book{LECTURES,
	author = "O. G. Piskunov",
	title = "Конспект лекцiй: Компiлятори С++ та розробка консольних додаткiв",
	publisher = "НАУ",
	year = 2020,
	month=dec,
	series=2,
	howpublished={\href{https://scholar.google.com.ua/citations?view_op=view_citation&hl=ru&user=UMR-DzIAAAAJ&citation_for_view=UMR-DzIAAAAJ:738O_yMBCRsC}[link]},
	address="Україна, м.Київ",
}

@book{CSHPiskunov,
	author = {A.G.Piskunov and M.M.Makhno and E.V.Ivohin},
	year = {2021},
	month = {09},
	pages = {},
	title = {Розробка додаткiв засобами мови програмування C\#},
	isbn = {966-642-048-1}
}

@online{mslearn,
	author = "Microsoft",
	title = "Microsoft Learning",
	year = 2023,
	url = "https://learn.microsoft.com/en-us/dotnet/csharp/language-reference/",
}

@online{stackoverflow,
	author = "Jeff Atwood, Joel Spolsky",
	title = "StackOverflow",
	year = 2023,
	url = "https://stackoverflow.com",
}

@book{kulikov,
	author = {Куликов, С. С.},
	edition = {3},
	publisher = {ЧЕТЫРЕ ЧЕТВЕРТИ},
	title = {{Тестування програмного забезпечення}},
	volume = {314},
	year = {2020},
}
