@book{Karumanchi_2020, place={Madinaguda, Hyderabad, India},
	title={Data Structures and algorithms made easy},
	publisher={CareerMonk Publications},
	author={Karumanchi, Narasimha}, 
	year={2020},
} 

@book{tkat,
	author = "Ткачук В.М.",
	title = "Алгоритми та структура даних",
	publisher = "Видавництво Прикарпатського нацiонального унiверситету iменi Василя Стефаника",
	year = "2016",
	pages = "286",
}

@book{ilman,
	author = "Ільман Валерій Михайлович, Іванов Олександр Петрович, Панік Леонід Олександроович",
	title = "АЛГОРИТМИ ТА СТРУКТУРИ ДАНИХ Навчальний посібник",
	publisher = "Дніпропетровський національний університет залізничного транспорту імені академіка В. Лазаряна",
	year = "2019",
	pages = "134",
}
